@article{dengue_principal,
  title={Factors responsible for the emergence of arboviruses; strategies, challenges and limitations for their control},
  author={Liang, Guodong and Gao, Xiaoyan and Gould, Ernest A},
  journal={Emerging microbes \& infections},
  volume={4},
  number={3},
  pages={e18},
  year={2015},
  publisher={Nature Publishing Group}
}

@article{cont_artificiales,
  title={Temperature-dependent development and survival rates of Culex quinquefasciatus and Aedes aegypti (Diptera: Culicidae)},
  author={Rueda, LM and Patel, KJ and Axtell, RC and Stinner, RE},
  journal={Journal of medical entomology},
  volume={27},
  number={5},
  pages={892--898},
  year={1990},
  publisher={Oxford University Press Oxford, UK}
}

@article{mexico,
  title={Urban infestation by Triatoma dimidiata in the city of M{\'e}rida, Yucatan, Mexico},
  author={Guzman-Tapia, Y and Ramirez-Sierra, MJ and Dumonteil, E},
  journal={Vector-Borne and Zoonotic Diseases},
  volume={7},
  number={4},
  pages={597--606},
  year={2007},
  publisher={Mary Ann Liebert, Inc. 2 Madison Avenue Larchmont, NY 10538 USA}
}


@article{herbreteau,
  title={Thirty years of use and improvement of remote sensing, applied to epidemiology: from early promises to lasting frustration},
  author={Herbreteau, Vincent and Salem, G{\'e}rard and Souris, Marc and Hugot, Jean-Pierre and Gonzalez, Jean-Paul},
  journal={Health \& Place},
  volume={13},
  number={2},
  pages={400--403},
  year={2007},
  publisher={Elsevier}
}

@article{kalluri_surveillance,
  title={Surveillance of arthropod vector-borne infectious diseases using remote sensing techniques: a review},
  author={Kalluri, Satya and Gilruth, Peter and Rogers, David and Szczur, Martha},
  journal={PLoS pathogens},
  volume={3},
  number={10},
  pages={e116},
  year={2007},
  publisher={Public Library of Science}
}

@CONFERENCE{scavuzzo_rpic,
author={Scavuzzo, J.M. and Trucco, F.C. and Tauro, C.B. and German, A. and Espinosa, M. and Abril, M.},
title={Modeling the temporal pattern of Dengue, Chicungunya and Zika vector using satellite data and neural networks},
journal={2017 17th Workshop on Information Processing and Control, RPIC 2017},
year={2017},
volume={2017-January},
pages={1-6},
url={https://www.scopus.com/inward/record.uri?eid=2-s2.0-85046430184&doi=10.23919%2fRPIC.2017.8211646&partnerID=40&md5=ef6f21697882e1b1707ef6fef6494138},
document_type={Conference Paper},
source={Scopus},
}

@CONFERENCE{ned_scavuzzo,
author={Scavuzzo, J.M and Espinosa, M. and Di Fino, E.A. and Abril, M. and Peralta, G and Scavuzzo, C.M.},
title={Generalización espacial de modelos epidemiológicos basada en el concepto de Distancia Ambiental Normalizada NED},
journal={2018 IEEE Biennial Congress of Argentina, ARGENCON 2018},
year={2018},
document_type={Conference Paper},
}

@article{emergencia_viral,
  title={Emergence of human arboviral diseases in the Americas, 2000--2016},
  author={Vasconcelos, Pedro FC and Calisher, Charles H},
  journal={Vector-Borne and Zoonotic Diseases},
  volume={16},
  number={5},
  pages={295--301},
  year={2016},
  publisher={Mary Ann Liebert, Inc. 140 Huguenot Street, 3rd Floor New Rochelle, NY 10801 USA}
}


@article{analisis_cordoba,
  title={Analytical report of the 2016 dengue outbreak in C{\'o}rdoba city, Argentina},
  author={Rotela, Camilo and Lopez, Laura and C{\'e}spedes, Mar{\'\i}a Fr{\'\i}as and Barbas, Gabriela and Lighezzolo, Andr{\'e}s and Porcasi, Ximena and Lanfri, Mario A and Scavuzzo, Carlos M and Gorla, David E},
  journal={Geospatial health},
  volume={12},
  number={2},
  year={2017}
}



%%%%%% MARCO TEORICO
%%%%%% LANDSCAPE

@article{porcasi_operative,
  title={An operative dengue risk stratification system in Argentina based on geospatial technology},
  author={Porcasi, Ximena and Rotela, Camilo H and Introini, Mar{\'\i}a V and Frutos, Nicol{\'a}s and Lanfri, Sof{\'\i}a and Peralta, Gonzalo and De Elia, Estefan{\'\i}a A and Lanfri, Mario A and Scavuzzo, Carlos M},
  journal={Geospatial health},
  volume={6},
  number={3},
  pages={31--42},
  year={2012}
}

@article{butt_use_modis,
  title={Use of MODIS NDVI to evaluate changing latitudinal gradients of rangeland phenology in Sudano-Sahelian West Africa},
  author={Butt, Bilal and Turner, Matthew D and Singh, Aditya and Brottem, Leif},
  journal={Remote Sensing of Environment},
  volume={115},
  number={12},
  pages={3367--3376},
  year={2011},
  publisher={Elsevier}
}

@article{rotela_space_time,
  title={Space--time analysis of the dengue spreading dynamics in the 2004 Tartagal outbreak, Northern Argentina},
  author={Rotela, Camilo and Fouque, Florence and Lamfri, Mario and Sabatier, Phillipe and Introini, Virginia and Zaidenberg, Mario and Scavuzzo, Carlos},
  journal={Acta tropica},
  volume={103},
  number={1},
  pages={1--13},
  year={2007},
  publisher={Elsevier}
}

@article{estallo_prevention,
  title={Prevention of dengue outbreaks through Aedes aegypti oviposition activity forecasting method},
  author={Estallo, Elizabet L and Luduena-Almeida, Francisco F and Visintin, Andr{\'e}s M and Scavuzzo, Carlos M and Introini, Mar{\'\i}a V and Zaidenberg, Mario and Almir{\'o}n, Walter R},
  journal={Vector-Borne and Zoonotic Diseases},
  volume={11},
  number={5},
  pages={543--549},
  year={2011},
  publisher={Mary Ann Liebert, Inc. 140 Huguenot Street, 3rd Floor New Rochelle, NY 10801 USA}
}


@article{enao_gis_y_sr,
  title={Sistemas de informaci{\'o}n geogr{\'a}fica y sensores remotos. Aplicaciones en enfermedades transmitidas por vectores.},
  author={Parra-Henao, Gabriel Jaime},
  journal={CES Medicina},
  volume={24},
  number={2},
  year={2010}
}


@article{fuller_costa_rica,
  title={Dengue vector (Aedes aegypti) larval habitats in an urban environment of Costa Rica analysed with ASTER and QuickBird imagery},
  author={Fuller, Douglas O and Troyo, Adriana and Calderon-Arguedas, Olger and Beier, John C},
  journal={International Journal of Remote Sensing},
  volume={31},
  number={1},
  pages={3--11},
  year={2010},
  publisher={Taylor \& Francis}
}


@article{madrin_correlating,
  title={Correlating remote sensing data with the abundance of pupae of the dengue virus mosquito vector, Aedes aegypti, in central Mexico},
  author={Moreno-Madri{\~n}{\'a}n, Max J and Crosson, William L and Eisen, Lars and Estes, Sue M and Estes Jr, Maurice G and Hayden, Mary and Hemmings, Sarah N and Irwin, Dan E and Lozano-Fuentes, Saul and Monaghan, Andrew J and others},
  journal={ISPRS International Journal of Geo-Information},
  volume={3},
  number={2},
  pages={732--749},
  year={2014},
  publisher={Multidisciplinary Digital Publishing Institute}
}



@article{arboleda_colombia,
  title={Spatial and temporal dynamics of Aedes aegypti larval sites in Bello, Colombia},
  author={Arboleda, Sair and Jaramillo-O, Nicol{\'a}s and Peterson, A Townsend},
  journal={Journal of Vector Ecology},
  volume={37},
  number={1},
  pages={37--48},
  year={2012},
  publisher={Wiley Online Library}
}

@article{ostfeld_re_emerging,
  title={Spatial epidemiology: an emerging (or re-emerging) discipline},
  author={Ostfeld, Richard S and Glass, Gregory E and Keesing, Felicia},
  journal={Trends in ecology \& evolution},
  volume={20},
  number={6},
  pages={328--336},
  year={2005},
  publisher={Elsevier}
}


@article{hay_overview_rs,
  title={An overview of remote sensing and geodesy for epidemiology and public health application},
  author={Hay, SI},
  journal={Advances in parasitology},
  volume={47},
  pages={1--35},
  year={2000},
  publisher={Elsevier}
}

@article{nidality,
  title={Natural nidality of transmissible diseases, with special reference to the landscape epidemiology of zooanthroponoses.},
  author={Pavlovsky, Evgeny N and FK Jr, Pious and others},
  journal={Natural nidality of transmissible diseases, with special reference to the landscape epidemiology of zooanthroponoses.},
  year={1966},
  publisher={Urbana (\& London): University of Illinois Press}
}


@ARTICLE{temporal_modeling,
author={Espinosa, M.O. and Alvarez Di Fino, E. and Abril, M. and Lanfri, M.A. and Periago, M.V. and Scavuzzo, C.M.},
title={ Operational satellite based temporal modeling of aedes population},
journal={Geospatial Health},
year={2018},
document_type={Article},
}


@article{least_square,
  title={Econometric theory.},
  author={Goldberger, Arthur Stanley and others},
  journal={Econometric theory.},
  year={1964},
  publisher={New York: John Wiley \& Sons.}
}

@article{landscape_epidemiology,
  title={Landscape epidemiology of emerging infectious diseases in natural and human-altered ecosystems},
  author={Meentemeyer, Ross K and Haas, Sarah E and V{\'a}clav{\'\i}k, Tom{\'a}{\v{s}}},
  journal={Annual review of Phytopathology},
  volume={50},
  pages={379--402},
  year={2012},
  publisher={Annual Reviews}
}


@article{landscape_connectivity,
  title={Connectivity is a vital element of landscape structure},
  author={Taylor, Philip D and Fahrig, Lenore and Henein, Kringen and Merriam, Gray},
  journal={Oikos},
  pages={571--573},
  year={1993},
  publisher={JSTOR}
}

@article{rs_public_health,
  title={An overview of remote sensing and geodesy for epidemiology and public health application},
  author={Hay, SI},
  journal={Advances in parasitology},
  volume={47},
  pages={1--35},
  year={2000},
  publisher={Elsevier}
}

@article{espinosa_temporal,
  title={Temporal dynamics and spatial patterns of Aedes aegypti breeding sites, in the context of a dengue control program in Tartagal (Salta province, Argentina)},
  author={Espinosa, Manuel and Weinberg, Diego and Rotela, Camilo H and Polop, Francisco and Abril, Marcelo and Scavuzzo, Carlos Marcelo},
  journal={PLoS neglected tropical diseases},
  volume={10},
  number={5},
  pages={e0004621},
  year={2016},
  publisher={Public Library of Science}
}

@article{cami_tartagal,
  title={Space--time analysis of the dengue spreading dynamics in the 2004 Tartagal outbreak, Northern Argentina},
  author={Rotela, Camilo and Fouque, Florence and Lamfri, Mario and Sabatier, Phillipe and Introini, Virginia and Zaidenberg, Mario and Scavuzzo, Carlos},
  journal={Acta tropica},
  volume={103},
  number={1},
  pages={1--13},
  year={2007},
  publisher={Elsevier}
}


@article{data_driven_prediction,
  title={A data-driven epidemiological prediction method for dengue outbreaks using local and remote sensing data},
  author={Buczak, Anna L and Koshute, Phillip T and Babin, Steven M and Feighner, Brian H and Lewis, Sheryl H},
  journal={BMC medical informatics and decision making},
  volume={12},
  number={1},
  pages={124},
  year={2012},
  publisher={BioMed Central}
}


@article{reisen_landscape,
  title={Landscape epidemiology of vector-borne diseases},
  author={Reisen, William K},
  journal={Annual review of entomology},
  volume={55},
  pages={461--483},
  year={2010},
  publisher={Annual Reviews}
}

@article{terra_aqua_modis,
  title={Terra and Aqua: new data for epidemiology and public health},
  author={Tatem, Andrew J and Goetz, Scott J and Hay, Simon I},
  journal={International Journal of Applied Earth Observation and Geoinformation},
  volume={6},
  number={1},
  pages={33--46},
  year={2004},
  publisher={Elsevier}
}

@article{temp_algorithm,
        author={Wan, Z.},
        year={1999},
        title={{MODIS} land-surface temperature algorithm theoretical basis document ({LST   ATBD})},
        journal={Institute of Computational Earth System Science},
        }


@article{german_temporal,
  title={Exploring satellite based temporal forecast modelling of Aedes aegypti oviposition from an operational perspective},
  author={German, A and Espinosa, MO and Abril, M and Scavuzzo, CM},
  journal={Remote Sensing Applications: Society and Environment},
  volume={11},
  pages={231--240},
  year={2018},
  publisher={Elsevier}
}


@article{spectral_spatial,
  title={Spectral and spatial characterization of rice field mosquito habitat},
  author={Wood, Byron L and Beck, Louisa R and Washino, Robert K and Palchick, Susan M and Sebesta, Paul D},
  journal={International Journal of Remote Sensing},
  volume={12},
  number={3},
  pages={621--626},
  year={1991},
  publisher={Taylor \& Francis}
}

@article{potencial_use,
  title={Identification and characterization of larval and adult anopheline mosquito habitats in the Republic of Korea: potential use of remotely sensed data to estimate mosquito distributions},
  author={Sithiprasasna, Ratana and Lee, Won Ja and Ugsang, Donald M and Linthicum, Kenneth J},
  journal={International journal of health geographics},
  volume={4},
  number={1},
  pages={17},
  year={2005},
  publisher={BioMed Central}
}



@article{malaria_impact,
  title={Evolution of malaria in Africa for the past 40 years: impact of climatic and human factors.},
  author={Mouchet, JEAN and Manguin, Sylvie and Sircoulon, JACQUES and Laventure, STEPHANE and Faye, OUSMANE and Onapa, AW and Carnevale, Pierre and Julvez, J and Fontenille, Didier},
  journal={Journal of the American Mosquito Control Association},
  volume={14},
  number={2},
  pages={121--130},
  year={1998}
}


@article{ndwi_erffectiveness,
  title={Effectiveness of normalized difference water index in modelling Aedes aegypti house index},
  author={Estallo, Elizabet Lilia and Ludue{\~n}a-Almeida, Francisco Felipe and Visintin, Andr{\'e}s Mario and Scavuzzo, Carlos Marcelo and Lamfri, Mario Alberto and Introini, Mar{\'\i}a Virginia and Zaidenberg, Mario and Almir{\'o}n, Walter Ricardo},
  journal={International journal of remote sensing},
  volume={33},
  number={13},
  pages={4254--4265},
  year={2012},
  publisher={Taylor \& Francis}
}



@article{landscape_ecology,
  title={Some general principles of landscape and regional ecology},
  author={Forman, Richard TT},
  journal={Landscape ecology},
  volume={10},
  number={3},
  pages={133--142},
  year={1995},
  publisher={Springer}
}



%%%%%%%%%%%%%%%% MACHINE LEARNING

@book{mitchell_learn,
 author = {Mitchell, Thomas M.},
 title = {Machine Learning},
 year = {1997},
 isbn = {0070428077, 9780070428072},
 edition = {1},
 publisher = {McGraw-Hill, Inc.},
 address = {New York, NY, USA},
}


@book{test_val,
 author = {Russell, Stuart and Norvig, Peter},
 title = {Artificial Intelligence: A Modern Approach},
 year = {2009},
 isbn = {0136042597, 9780136042594},
 edition = {3rd},
 publisher = {Prentice Hall Press},
 address = {Upper Saddle River, NJ, USA},
}


@article{semi_supervised,
  title={Semi-supervised learning (chapelle, o. et al., eds.; 2006)[book reviews]},
  author={Chapelle, Olivier and Scholkopf, Bernhard and Zien, Alexander},
  journal={IEEE Transactions on Neural Networks},
  volume={20},
  number={3},
  pages={542--542},
  year={2009},
  publisher={IEEE}
}



@inproceedings{supervised_learning,
 author = {Caruana, Rich and Niculescu-Mizil, Alexandru},
 title = {An Empirical Comparison of Supervised Learning Algorithms},
 booktitle = {Proceedings of the 23rd International Conference on Machine Learning},
 series = {ICML '06},
 year = {2006},
 isbn = {1-59593-383-2},
 location = {Pittsburgh, Pennsylvania, USA},
 pages = {161--168},
 numpages = {8},
 url = {http://doi.acm.org/10.1145/1143844.1143865},
 doi = {10.1145/1143844.1143865},
 acmid = {1143865},
 publisher = {ACM},
 address = {New York, NY, USA},
}



@incollection{unsupervised_learning,
  title={Unsupervised learning},
  author={Hastie, Trevor and Tibshirani, Robert and Friedman, Jerome},
  booktitle={The elements of statistical learning},
  pages={485--585},
  year={2009},
  publisher={Springer}
}

@article{nutrition_prediction,
title = "Personalized Nutrition by Prediction of Glycemic Responses",
journal = "Cell",
volume = "163",
number = "5",
pages = "1079 - 1094",
year = "2015",
issn = "0092-8674",
doi = "https://doi.org/10.1016/j.cell.2015.11.001",
url = "http://www.sciencedirect.com/science/article/pii/S0092867415014816",
author = "David Zeevi and Tal Korem and Niv Zmora and David Israeli and Daphna Rothschild and Adina Weinberger and Orly Ben-Yacov and Dar Lador and Tali Avnit-Sagi and Maya Lotan-Pompan and Jotham Suez and Jemal Ali Mahdi and Elad Matot and Gal Malka and Noa Kosower and Michal Rein and Gili Zilberman-Schapira and Lenka Dohnalová and Meirav Pevsner-Fischer and Rony Bikovsky and Zamir Halpern and Eran Elinav and Eran Segal"
}


@ARTICLE{bigdata_health,
author={Murdoch, T.B. and Detsky, A.S.},
title={The inevitable application of big data to health care},
journal={JAMA - Journal of the American Medical Association},
year={2013},
volume={309},
number={13},
pages={1351-1352},
doi={10.1001/jama.2013.393},
url={https://www.scopus.com/inward/record.uri?eid=2-s2.0-84875646817&doi=10.1001%2fjama.2013.393&partnerID=40&md5=513ce0af6da26a159f681a7d6275de35},
affiliation={Division of Gastroenterology, University of Calgary, Calgary, AB, Canada; Institute for Health Policy, Management and Evaluation, University of Toronto, Toronto, ON, Canada; Department of Medicine, University of Toronto, Toronto, ON, Canada; Department of Medicine, Mount Sinai Hospital, University Health Network, Toronto, ON, Canada},
document_type={Short Survey},
}


@ARTICLE{age_estimation,
author={Guo, G. and Fu, Y. and Dyer, C.R. and Huang, T.S.},
title={Image-based human age estimation by manifold learning and locally adjusted robust regression},
journal={IEEE Transactions on Image Processing},
year={2008},
volume={17},
number={7},
pages={1178-1188},
doi={10.1109/TIP.2008.924280},
url={https://www.scopus.com/inward/record.uri?eid=2-s2.0-45949109037&doi=10.1109%2fTIP.2008.924280&partnerID=40&md5=47d7fb84f0cba8990eec8009a0280371},
publisher={Institute of Electrical and Electronics Engineers Inc.},
document_type={Article},
}

@ARTICLE{children,
author={Subramanian, S. and Huq, S. and Yatsunenko, T. and Haque, R. and Mahfuz, M. and Alam, M.A. and Benezra, A. and Destefano, J. and Meier, M.F. and Muegge, B.D. and Barratt, M.J. and VanArendonk, L.G. and Zhang, Q. and Province, M.A. and Petri Jr., W.A. and Ahmed, T. and Gordon, J.I.},
title={Persistent gut microbiota immaturity in malnourished Bangladeshi children},
journal={Nature},
year={2014},
volume={510},
number={7505},
pages={417-421},
doi={10.1038/nature13421},
url={https://www.scopus.com/inward/record.uri?eid=2-s2.0-84903134830&doi=10.1038%2fnature13421&partnerID=40&md5=b80faf449f8a740efe700c3a23d001a2},
publisher={Nature Publishing Group},
document_type={Article},
}


@inproceedings{twitt_nlp,
  title={" How Old Do You Think I Am?" A Study of Language and Age in Twitter.},
  author={Nguyen, Dong and Gravel, Rilana and Trieschnigg, Dolf and Meder, Theo},
  booktitle={ICWSM},
  year={2013}
}


@ARTICLE{cardellino,
author={Cardellino, C. and Villata, S. and Alemany, L.A. and Cabrio, E.},
title={Information extraction with active learning: A case study in legal text},
journal={Lecture Notes in Computer Science (including subseries Lecture Notes in Artificial Intelligence and Lecture Notes in Bioinformatics)},
year={2015},
volume={9042},
pages={483-494},
doi={10.1007/978-3-319-18117-2_36},
url={https://www.scopus.com/inward/record.uri?eid=2-s2.0-84942540484&doi=10.1007%2f978-3-319-18117-2_36&partnerID=40&md5=9d5242674dbd86099f3cf7c31c4fc09d},
publisher={Springer Verlag},
document_type={Conference Paper},
source={Scopus},
}


@ARTICLE{svm_semantic,
author={Pradhan, S. and Hacioglu, K. and Krugler, V. and Ward, W. and Martin, J.H. and Jurafsky, D.},
title={Support vector learning for semantic argument classification},
journal={Machine Learning},
year={2005},
volume={60},
number={1-3},
pages={11-39},
doi={10.1007/s10994-005-0912-2},
url={https://www.scopus.com/inward/record.uri?eid=2-s2.0-24044446171&doi=10.1007%2fs10994-005-0912-2&partnerID=40&md5=db5637ecfaff3c0e3a2c06e0bdcf4372},
document_type={Article},
source={Scopus},
}


@ARTICLE{face_detection,
author={Rowley, H.A. and Baluja, S. and Kanade, T.},
title={Neural network-based face detection},
journal={IEEE Transactions on Pattern Analysis and Machine Intelligence},
year={1998},
volume={20},
number={1},
pages={23-38},
doi={10.1109/34.655647},
url={https://www.scopus.com/inward/record.uri?eid=2-s2.0-0031672526&doi=10.1109%2f34.655647&partnerID=40&md5=70cfce30dd2c4050fd027482f583c406},
document_type={Article},
source={Scopus},
}


@ARTICLE{corner_detection,
author={Rosten, E. and Drummond, T.},
title={Machine learning for high-speed corner detection},
journal={Lecture Notes in Computer Science (including subseries Lecture Notes in Artificial Intelligence and Lecture Notes in Bioinformatics)},
year={2006},
volume={3951 LNCS},
pages={430-443},
doi={10.1007/11744023_34},
url={https://www.scopus.com/inward/record.uri?eid=2-s2.0-33745824633&doi=10.1007%2f11744023_34&partnerID=40&md5=178391f439a421001a9ef1a35c84c11b},
publisher={Springer Verlag},
document_type={Conference Paper},
source={Scopus},
}



@ARTICLE{handwritting,
author={Plamondon, R. and Srihari, S.N.},
title={On-line and off-line handwriting recognition: A comprehensive survey},
journal={IEEE Transactions on Pattern Analysis and Machine Intelligence},
year={2000},
volume={22},
number={1},
pages={63-84},
doi={10.1109/34.824821},
url={https://www.scopus.com/inward/record.uri?eid=2-s2.0-0033640745&doi=10.1109%2f34.824821&partnerID=40&md5=6c2277daa5e17d7fefb4b87c0d96ae5d},
publisher={IEEE, Los Alamitos, CA, United States},
document_type={Article},
source={Scopus},
}


@ARTICLE{solar_irradiation,
author={Salcedo-Sanz, S. and Casanova-Mateo, C. and Muñoz-Marí, J. and Camps-Valls, G.},
title={Prediction of daily global solar irradiation using temporal Gaussian processes},
journal={IEEE Geoscience and Remote Sensing Letters},
year={2014},
volume={11},
number={11},
pages={1936-1940},
doi={10.1109/LGRS.2014.2314315},
art_number={6803858},
url={https://www.scopus.com/inward/record.uri?eid=2-s2.0-84901819940&doi=10.1109%2fLGRS.2014.2314315&partnerID=40&md5=419337472dc8cb4c3684661ae9b754b7},
publisher={Institute of Electrical and Electronics Engineers Inc.},
document_type={Article},
source={Scopus},
}


@ARTICLE{ml_grs,
author={Lary, D.J. and Alavi, A.H. and Gandomi, A.H. and Walker, A.L.},
title={Machine learning in geosciences and remote sensing},
journal={Geoscience Frontiers},
year={2016},
volume={7},
number={1},
pages={3-10},
doi={10.1016/j.gsf.2015.07.003},
url={https://www.scopus.com/inward/record.uri?eid=2-s2.0-84955438526&doi=10.1016%2fj.gsf.2015.07.003&partnerID=40&md5=f07ce6527f2d2e01b076fcddae9c5f55},
publisher={Elsevier},
document_type={Article},
source={Scopus},
}


@ARTICLE{modeling_mineral,
author={Carranza, E.J.M. and Laborte, A.G.},
title={Data-Driven Predictive Modeling of Mineral Prospectivity Using Random Forests: A Case Study in Catanduanes Island (Philippines)},
journal={Natural Resources Research},
year={2016},
volume={25},
number={1},
pages={35-50},
doi={10.1007/s11053-015-9268-x},
url={https://www.scopus.com/inward/record.uri?eid=2-s2.0-84958884955&doi=10.1007%2fs11053-015-9268-x&partnerID=40&md5=46dbbd8ed57746e9c037035491837cd0},
publisher={Springer New York LLC},
document_type={Article},
source={Scopus},
}



@article{random_forest,
  title={Random forests},
  author={Breiman, Leo},
  journal={Machine learning},
  volume={45},
  number={1},
  pages={5--32},
  year={2001},
  publisher={Springer}
}

@article{monte_carlo,
  title={The monte carlo method},
  author={Metropolis, Nicholas and Ulam, Stanislaw},
  journal={Journal of the American statistical association},
  volume={44},
  number={247},
  pages={335--341},
  year={1949},
  publisher={Taylor \& Francis}
}




@article{scikit-learn,
 title={Scikit-learn: Machine Learning in {P}ython},
 author={Pedregosa, F. and Varoquaux, G. and Gramfort, A. and Michel, V.
         and Thirion, B. and Grisel, O. and Blondel, M. and Prettenhofer, P.
         and Weiss, R. and Dubourg, V. and Vanderplas, J. and Passos, A. and
         Cournapeau, D. and Brucher, M. and Perrot, M. and Duchesnay, E.},
 journal={Journal of Machine Learning Research},
 volume={12},
 pages={2825--2830},
 year={2011}
}


@article{sklearn_review,
  title={API design for machine learning software: experiences from the scikit-learn project},
  author={Buitinck, Lars and Louppe, Gilles and Blondel, Mathieu and Pedregosa, Fabian and Mueller, Andreas and Grisel, Olivier and Niculae, Vlad and Prettenhofer, Peter and Gramfort, Alexandre and Grobler, Jaques and others},
  journal={arXiv preprint arXiv:1309.0238},
  year={2013}
}


@Misc{scipy,
  author = {Eric Jones and Travis Oliphant and Pearu Peterson and others},
  title = {{SciPy}: Open source scientific tools for {Python}},
  year = {2001--},
  url = "http://www.scipy.org/",
  note = {[Online; accessed <today>]}
}


@incollection{backpropagation,
  title={Theory of the backpropagation neural network},
  author={Hecht-Nielsen, Robert},
  booktitle={Neural networks for perception},
  pages={65--93},
  year={1992},
  publisher={Elsevier}
}



@ARTICLE{mlp_intro1,
author={D. W. Ruck and S. K. Rogers and M. Kabrisky and M. E. Oxley and B. W. Suter},
journal={IEEE Transactions on Neural Networks},
title={The multilayer perceptron as an approximation to a Bayes optimal discriminant function},
year={1990},
volume={1},
number={4},
pages={296-298},
keywords={neural nets;probability;multiple class problems;neural networks;multilayer perceptron;Bayes optimal discriminant function;classifier;backpropagation;two-class problem;probability;unit activation function;Multilayer perceptrons;Probability density function;Backpropagation;Pattern recognition;Bayesian methods;Books;Image analysis;Multi-layer neural network;Neural networks},
doi={10.1109/72.80266},
ISSN={1045-9227},
month={Dec},}




@article{mlp_intro2,
author = {Nazzal, Jamal and M. El-Emary, Ibrahim and A. Najim, Salam},
year = {2008},
month = {01},
pages = {},
title = {Multilayer Perceptron Neural Network (MLPs) For Analyzing the Properties of Jordan Oil Shale},
volume = {5},
booktitle = {World Applied Sciences Journal}
}



@article{decision_tree_regression,
title = "Decision tree regression for soft classification of remote sensing data",
journal = "Remote Sensing of Environment",
volume = "97",
number = "3",
pages = "322 - 336",
year = "2005",
issn = "0034-4257",
doi = "https://doi.org/10.1016/j.rse.2005.05.008",
url = "http://www.sciencedirect.com/science/article/pii/S0034425705001604",
author = "Min Xu and Pakorn Watanachaturaporn and Pramod K. Varshney and Manoj K. Arora",
keywords = "Non-parametric classification, Decision tree regression, Soft classification, Classification accuracy"
}



@inproceedings{sklearn_api,
  author    = {Lars Buitinck and Gilles Louppe and Mathieu Blondel and
               Fabian Pedregosa and Andreas Mueller and Olivier Grisel and
               Vlad Niculae and Peter Prettenhofer and Alexandre Gramfort
               and Jaques Grobler and Robert Layton and Jake VanderPlas and
               Arnaud Joly and Brian Holt and Ga{\"{e}}l Varoquaux},
  title     = {{API} design for machine learning software: experiences from the scikit-learn
               project},
  booktitle = {ECML PKDD Workshop: Languages for Data Mining and Machine Learning},
  year      = {2013},
  pages = {108--122},
}



@MISC{svr_tutorial,
    author = {Alex J. Smola and Bernhard Schölkopf},
    title = {A tutorial on support vector regression },
    year = {2004}
}

@article{review_svr,
  title={Support vector regression},
  author={Basak, Debasish and Pal, Srimanta and Patranabis, Dipak Chandra},
  journal={Neural Information Processing-Letters and Reviews},
  volume={11},
  number={10},
  pages={203--224},
  year={2007}
}



@inproceedings{support_vector_regression,
  title={Support vector regression machines},
  author={Drucker, Harris and Burges, Christopher JC and Kaufman, Linda and Smola, Alex J and Vapnik, Vladimir},
  booktitle={Advances in neural information processing systems},
  pages={155--161},
  year={1997}
}


@inproceedings{first_svm,
 author = {Boser, Bernhard E. and Guyon, Isabelle M. and Vapnik, Vladimir N.},
 title = {A Training Algorithm for Optimal Margin Classifiers},
 booktitle = {Proceedings of the Fifth Annual Workshop on Computational Learning Theory},
 series = {COLT '92},
 year = {1992},
 isbn = {0-89791-497-X},
 location = {Pittsburgh, Pennsylvania, USA},
 pages = {144--152},
 numpages = {9},
 url = {http://doi.acm.org/10.1145/130385.130401},
 doi = {10.1145/130385.130401},
 acmid = {130401},
 publisher = {ACM},
 address = {New York, NY, USA},
}

@article{knnr,
  title={An introduction to kernel and nearest-neighbor nonparametric regression},
  author={Altman, Naomi S},
  journal={The American Statistician},
  volume={46},
  number={3},
  pages={175--185},
  year={1992},
  publisher={Taylor \& Francis Group}
}

@article{ridge,
  title={Ridge regression: Biased estimation for nonorthogonal problems},
  author={Hoerl, Arthur E and Kennard, Robert W},
  journal={Technometrics},
  volume={12},
  number={1},
  pages={55--67},
  year={1970},
  publisher={Taylor \& Francis Group}
}





%%%%%%%%%%%%%% MODELING


@article{modis_data,
  title={MODIS environmental data to assess Chikungunya, Dengue, and Zika diseases through Aedes (Stegomia) aegypti oviposition activity estimation},
  author={Estallo, Elizabet Lilia and Benitez, Elisabet M and Lanfri, Mario Alberto and Scavuzzo, Carlos Marcelo and Almir{\'o}n, Walter R},
  journal={IEEE Journal of Selected Topics in Applied Earth Observations and Remote Sensing},
  volume={9},
  number={12},
  pages={5461--5466},
  year={2016},
  publisher={IEEE}
}


@article{peridomestic,
  title={Dengue emergence and adaptation to peridomestic mosquitoes},
  author={Moncayo, Abelardo C and Fernandez, Zoraida and Ortiz, Diana and Diallo, Mawlouth and Sall, Amadou and Hartman, Sammie and Davis, C Todd and Coffey, Lark and Mathiot, Christian C and Tesh, Robert B and others},
  journal={Emerging infectious diseases},
  volume={10},
  number={10},
  pages={1790},
  year={2004},
  publisher={Centers for Disease Control and Prevention}
}


@article{indice_huevos,
  title={Medidas dos n{\'\i}veis de infesta{\c{c}}{\~a}o urbana para Aedes (Stegomyia) aegypti e Aedes (Stegomyia) albopictus em programa de vigil{\^a}ncia entomol{\'o}gica},
  author={Gomes, Alm{\'e}rio de Castro},
  journal={Informe epidemiol{\'o}gico do SUS},
  volume={7},
  number={3},
  pages={49--57},
  year={1998},
  publisher={Centro Nacional de Epidemiologia/Funda{\c{c}}{\~a}o Nacional de Sa{\'u}de/Minist{\'e}rio da Sa{\'u}de}
}


@article{rs_invertebrate,
  title={Review article the impact of remote sensing on the study and control of invertebrate intermediate hosts and vectors for disease},
  author={Hay, SI and Packer, MJ and Rogers, DJ},
  journal={International Journal of Remote Sensing},
  volume={18},
  number={14},
  pages={2899--2930},
  year={1997},
  publisher={Taylor \& Francis}
}


@article{gao_ndwi,
  title={NDWI—A normalized difference water index for remote sensing of vegetation liquid water from space},
  author={Gao, Bo-Cai},
  journal={Remote sensing of environment},
  volume={58},
  number={3},
  pages={257--266},
  year={1996},
  publisher={Elsevier}
}


@article{infectious_diseases,
  title={Surveillance of arthropod vector-borne infectious diseases using remote sensing techniques: a review},
  author={Kalluri, Satya and Gilruth, Peter and Rogers, David and Szczur, Martha},
  journal={PLoS pathogens},
  volume={3},
  number={10},
  pages={e116},
  year={2007},
  publisher={Public Library of Science}
}

@article{surface_temp,
  title={Land surface temperature and emissivity estimation based on the two-temperature method: Sensitivity analysis using simulated MSG/SEVIRI data},
  author={Peres, Leonardo F and DaCamara, Carlos C},
  journal={Remote Sensing of Environment},
  volume={91},
  number={3-4},
  pages={377--389},
  year={2004},
  publisher={Elsevier}
}


@article{lst_surface,
  title={Quality assessment and validation of the MODIS global land surface temperature},
  author={Wan, Zhang and Zhang, Y and Zhang, Q and Li, Z-L},
  journal={International journal of remote sensing},
  volume={25},
  number={1},
  pages={261--274},
  year={2004},
  publisher={Taylor \& Francis}
}


@article{trmm_mision,
  title={The tropical rainfall measuring mission (TRMM) sensor package},
  author={Kummerow, Christian and Barnes, William and Kozu, Toshiaki and Shiue, James and Simpson, Joanne},
  journal={Journal of atmospheric and oceanic technology},
  volume={15},
  number={3},
  pages={809--817},
  year={1998}
}

@article{bowman_alarm,
  title={Alarm variables for Dengue outbreaks: A multi-centre study in Asia and Latin America},
  author={Bowman, Leigh R and Tejeda, Gustavo S and Coelho, Giovanini E and Sulaiman, Lokman H and Gill, Balvinder S and McCall, Philip J and Olliaro, Piero L and Ranzinger, Silvia R and Quang, Luong C and Ramm, Ronald S and others},
  journal={PLoS One},
  volume={11},
  number={6},
  pages={e0157971},
  year={2016},
  publisher={Public Library of Science}
}

@article{models_predicting,
  title={Models for predicting Aedes aegypti larval indices based on satellite images and climatic variables},
  author={Estallo, Elizabet L and Lamfri, Mario A and Scavuzzo, Carlos M and Almeida, Francisco F Ludue{\~n}a and Introini, Mar{\'\i}a V and Zaidenberg, Mario and Almir{\'o}n, Walter R},
  journal={Journal of the American Mosquito Control Association},
  volume={24},
  number={3},
  pages={368--376},
  year={2008},
  publisher={BioOne}
}


@article{dynamics_of_dengue,
  title={Spatio-temporal dynamics of dengue 2009 outbreak in C{\'o}rdoba City, Argentina},
  author={Estallo, Elizabet Lilia and Carbajo, Anibal Eduardo and Grech, Marta Gladys and Frias-Cespedes, M and L{\'o}pez, L and Lanfri, MA and Ludue{\~n}a-Almeida, Francisco F and Almir{\'o}n, Walter Ricardo},
  journal={Acta tropica},
  volume={136},
  pages={129--136},
  year={2014},
  publisher={Elsevier}
}

@article{ml_rainfall,
  title={An extensive evaluation of seven machine learning methods for rainfall prediction in weather derivatives},
  author={Cramer, Sam and Kampouridis, Michael and Freitas, Alex A and Alexandridis, Antonis K},
  journal={Expert Systems with Applications},
  volume={85},
  pages={169--181},
  year={2017},
  publisher={Elsevier}
}

@article{cross_validation,
  title={Cross-validation of regression models},
  author={Picard, Richard R and Cook, R Dennis},
  journal={Journal of the American Statistical Association},
  volume={79},
  number={387},
  pages={575--583},
  year={1984},
  publisher={Taylor \& Francis Group}
}

@article{akodon_modeling,
  title={Environmental factors and population fluctuations of Akodon azarae (Muridae: Sigmodontinae) in central Argentina},
  author={Andreo, Ver{\'o}nica and Provensal, Cecilia and Scavuzzo, Marcelo and Lamfri, Mario and Polop, Jaime},
  journal={Austral Ecology},
  volume={34},
  number={2},
  pages={132--142},
  year={2009},
  publisher={Wiley Online Library}
}

@article{tesis_gonza,
  title={Geomática aplicada a un Sistema de Alerta Temprana},
  author={Gonzalo, S. P. and Lanfri, M. A.},
  volume={Tesis de Maestría},
  year={2011},
  publisher={Facultad de Matemática, Astronomía y Física - Universidad Nacional de Córdoba},
  url={http://www.famaf.unc.edu.ar/institucional/biblioteca/trabajos/640/16269.pdf}
}

@article{tesis_riesgo_viral,
  title={Diseño y Desarrollo de Tecnología para la estratificación de riesgo de circulación viral de dengue a nivel urbano},
  author={Facundo, R. Q. and Gonzalo, S. P. and Lanfri, M. A.},
  volume={Tesis de Grado},
  year={2012},
  publisher={Facultad de Matemática, Astronomía y Física - Universidad Nacional de Córdoba},
  url={http://documents.famaf.unc.edu.ar/institucional/biblioteca/trabajos/638/16546.pdf}
}


@article{directices_ministerio,
  title={Directrices para la prevención y control de Aedes aegypti},
  author={Mirta, E. and  María, V. I. and Carlos, R.},
  volume={Tesis de Grado},
  year={2012},
  publisher={Ministerio de Salud - Presidencia de la Nación},
  url={http://www.msal.gob.ar/images/stories/bes/graficos/0000000235cnt-01-directrices-dengue-2016.pdf}
}

@article{multilinear_apli,
  title={Application of multiple linear regression model through GIS and remote sensing for malaria mapping in Varanasi District, INDIA},
  author={Kumar Ra, Praveen and Nathawat, Mahendra Singh and Onagh, Mohhamad},
  year={2014}
}


@article{irace,
  title={The irace package: Iterated racing for automatic algorithm configuration},
  author={L{\'o}pez-Ib{\'a}{\~n}ez, Manuel and Dubois-Lacoste, J{\'e}r{\'e}mie and C{\'a}ceres, Leslie P{\'e}rez and Birattari, Mauro and St{\"u}tzle, Thomas},
  journal={Operations Research Perspectives},
  volume={3},
  pages={43--58},
  year={2016},
  publisher={Elsevier}
}


@article{scavuzzo2018modeling,
  title={Modeling Dengue vector population using remotely sensed data and machine learning},
  author={Scavuzzo, Juan M and Trucco, Francisco and Espinosa, Manuel and Tauro, Carolina B and Abril, Marcelo and Scavuzzo, Carlos M and Frery, Alejandro C},
  journal={Acta tropica},
  volume={185},
  pages={167--175},
  year={2018},
  publisher={Elsevier}
}

@article{hirzel_distance,
  title={Modeling habitat suitability for complex species distributions by environmental-distance geometric mean},
  author={Hirzel, Alexandre H and Arlettaz, Rapha{\"e}l},
  journal={Environmental management},
  volume={32},
  number={5},
  pages={614--623},
  year={2003},
  publisher={Springer}
}

@article{krasnova_similarity,
  title={Similarity in ectoparasite faunas of Palaearctic rodents as a function of host phylogenetic, geographic or environmental distances: which matters the most?},
  author={Krasnov, Boris R and Mouillot, David and Shenbrot, Georgy I and Khokhlova, Irina S and Vinarski, Maxim V and Korallo-Vinarskaya, Natalia P and Poulin, Robert},
  journal={International journal for parasitology},
  volume={40},
  number={7},
  pages={807--817},
  year={2010},
  publisher={Elsevier}
}

@article{mendez_distance,
  title={Isolation by environmental distance in mobile marine species: molecular ecology of franciscana dolphins at their southern range},
  author={Mendez, Martin and Rosenbaum, Howard C and Subramaniam, Ajit and Yackulic, Charles and Bordino, Pablo},
  journal={Molecular Ecology},
  volume={19},
  number={11},
  pages={2212--2228},
  year={2010},
  publisher={Wiley Online Library}
}

@article{farber_modeling,
  title={Assessment of alternative approaches for bioclimatic modeling with special emphasis on the Mahalanobis distance},
  author={Farber, Oren and Kadmon, Ronen},
  journal={Ecological modelling},
  volume={160},
  number={1-2},
  pages={115--130},
  year={2003},
  publisher={Elsevier}
}

@inproceedings{montello_cognition,
  title={The perception and cognition of environmental distance: Direct sources of information},
  author={Montello, Daniel R},
  booktitle={International Conference on Spatial Information Theory},
  pages={297--311},
  year={1997},
  organization={Springer}
}

@article{tatem_env_coverage,
  title={Mapping the environmental coverage of the INDEPTH demographic surveillance system network in rural Africa},
  author={Tatem, Andrew J and Snow, Robert W and Hay, Simon I},
  journal={Tropical Medicine \& International Health},
  volume={11},
  number={8},
  pages={1318--1326},
  year={2006},
  publisher={Wiley Online Library}
}

@article{altamirada_genetic,
  title={Genetic structure and phenotypic variation of Anopheles darlingi in northwest Colombia},
  author={Altamiranda-Saavedra, Mariano and Conn, Jan E and Correa, Margarita M},
  journal={Infection, Genetics and Evolution},
  volume={56},
  pages={143--151},
  year={2017},
  publisher={Elsevier}
}


@article{wordclim,
  title={Very high resolution interpolated climate surfaces for global land areas},
  author={Hijmans, Robert J and Cameron, Susan E and Parra, Juan L and Jones, Peter G and Jarvis, Andy},
  journal={International journal of climatology},
  volume={25},
  number={15},
  pages={1965--1978},
  year={2005},
  publisher={Wiley Online Library}
}
